@article{maatta,
  title={Human lights},
  author={M{\"a}{\"a}tt{\"a}, Ilari and Lessmann, Christian},
  journal={Remote Sensing},
  volume={11},
  number={19},
  pages={2194},
  year={2019},
  publisher={Multidisciplinary Digital Publishing Institute}
}

  @Manual{Texevier,
    title = {{Texevier}: {P}ackage to create Elsevier templates for Rmarkdown},
    author = {N.F. Katzke},
    organization = {Bureau for Economic Research},
    address = {Stellenbosch, South Africa},
    note = {version 0.1.2},
    year = {2017},
  }
